<?xml version="1.0" encoding="UTF-8"?><record xmlns="http://www.loc.gov/MARC21/slim" xmlns:cinclude="http://apache.org/cocoon/include/1.0" xmlns:zs="http://www.loc.gov/zing/srw/">
  <leader>00623cz  a2200145n  4500</leader>
  <controlfield tag="001">no2004094249</controlfield>
  <controlfield tag="003">DLC</controlfield>
  <controlfield tag="005">20120816081924.0</controlfield>
  <controlfield tag="008">040929n| acannaabn          |n ana     c</controlfield>
  <datafield tag="010" ind1=" " ind2=" ">
    <subfield code="a">no2004094249</subfield>
    <subfield code="z">no2004095920</subfield>
  </datafield>
  <datafield tag="035" ind1=" " ind2=" ">
    <subfield code="a">(OCoLC)oca06455798</subfield>
  </datafield>
  <datafield tag="040" ind1=" " ind2=" ">
    <subfield code="a">OkU</subfield>
    <subfield code="b">eng</subfield>
    <subfield code="c">OkU</subfield>
    <subfield code="d">DLC</subfield>
    <subfield code="d">PPi-MA</subfield>
    <subfield code="d">DLC</subfield>
  </datafield>
  <datafield tag="111" ind1="2" ind2=" ">
    <subfield code="a">Louisiana Purchase Bicentennial Conference</subfield>
    <subfield code="d">(2003 :</subfield>
    <subfield code="c">New Orleans, La.)</subfield>
  </datafield>
  <datafield tag="667" ind1=" " ind2=" ">
    <subfield code="a">THIS 1XX FIELD CANNOT BE USED UNDER RDA UNTIL THIS RECORD HAS BEEN REVIEWED AND/OR UPDATED</subfield>
  </datafield>
  <datafield tag="670" ind1=" " ind2=" ">
    <subfield code="a">The Louisiana Purchase and its peoples, c2004:</subfield>
    <subfield code="b">p. ix (Louisiana Purchase Bicentennial Conference; held at New Orleans, Jan. 22-25, 2003)</subfield>
  </datafield>
</record>